<?xml version="1.0" encoding="UTF-8"?><collection xmlns="http://www.loc.gov/MARC21/slim"><record><leader>00553nam--2200169-i-4500</leader><controlfield tag="001">000041532</controlfield><controlfield tag="002">20161230</controlfield><controlfield tag="005">20161230201043</controlfield><controlfield tag="008">060222s1000------------r-----000-0-eng-d</controlfield><datafield ind1=" " ind2=" " tag="040"><subfield code="a">IFIN-HH</subfield></datafield><datafield ind1=" " ind2=" " tag="080"><subfield code="a">539.12</subfield></datafield><datafield ind1="1" ind2=" " tag="100"><subfield code="a">Siddique, Mahboobul Haq</subfield></datafield><datafield ind1="1" ind2="0" tag="245"><subfield code="a">Absorptive peripheral model and its applications to rho-meson production and charge-exchange reactions in pion-nucleon collisions</subfield><subfield code="b">These</subfield><subfield code="c">Mahboobul haq siddique</subfield></datafield><datafield ind1=" " ind2=" " tag="260"><subfield code="a">Geneve</subfield><subfield code="b">Medicine Et Hygiene</subfield><subfield code="c">1969</subfield></datafield><datafield ind1=" " ind2=" " tag="300"><subfield code="a">101 P</subfield></datafield><datafield ind1=" " ind2=" " tag="852"><subfield code="a">35593</subfield><subfield code="c">539.12</subfield></datafield><datafield ind1=" " ind2=" " tag="CAT"><subfield code="a">Sys</subfield><subfield code="c">20111122</subfield><subfield code="h">114810</subfield></datafield></record></collection>